@misc{lucenequery,
author = {},
title = {Apache Lucene - Query Parser Syntax},
howpublished = {\url{https://lucene.apache.org/core/2_9_4/queryparsersyntax.html}},
month = {},
year = {},
}
@misc{solrdocs,
author = {},
title = {Apache Solr 6.1.0 Documentation},
howpublished = {\url{http://lucene.apache.org/solr/6_1_0/index.html}},
month = {},
year = {},
}
@misc{lucene,
author = {},
title = {Apache Lucene - Apache Lucene Core},
howpublished = {\url{https://lucene.apache.org/core/}},
month = {},
year = {},
}
@misc{solr,
author = {},
title = {Apache Solr },
howpublished = {\url{http://lucene.apache.org/solr/}},
month = {},
year = {},
}
@misc{dedupe,
author = {},
title = {datamade/dedupe: A python library for accurate and scalable data de-duplication and entity-resolution.},
howpublished = {\url{https://github.com/datamade/dedupe}},
month = {},
year = {},
}
@misc{indianpfamilies,
author = {},
title = {Political families of India - Wikipedia, the free encyclopedia},
howpublished = {\url{https://en.wikipedia.org/wiki/Political_families_of_India}},
month = {},
year = {},
}
@misc{indianbfamilies,
author = {},
title = {Category:Business families of India - Wikipedia, the free encyclopedia},
howpublished = {\url{https://en.wikipedia.org/wiki/Category:Business_families_of_India}},
month = {},
year = {},
}
@misc{capitaline,
author = {},
title = {CAPITALINE DATABASES},
howpublished = {\url{https://www.capitaline.com/SiteFrame.aspx?id=1}},
month = {},
year = {},
}
@misc{cayley,
author = {},
title = {google/cayley: An open-source graph database},
howpublished = {\url{https://github.com/google/cayley}},
month = {},
year = {},
}
@misc{neogdb,
author = {},
title = {What is a Graph Database? A Property Graph Model Intro},
howpublished = {\url{https://neo4j.com/developer/graph-database/}},
month = {},
year = {},
}
@misc{neomanual,
author = {},
title = {The Neo4j Developer Manual v3.0},
howpublished = {\url{https://neo4j.com/docs/developer-manual/current/}},
month = {},
year = {},
}
@misc{orient,
author = {},
title = {OrientDB - OrientDB Distributed Graph Database},
howpublished = {\url{http://orientdb.com/orientdb/}},
month = {},
year = {},
}
@misc{neo,
author = {},
title = {Neo4j: The World's Leading Graph Database},
howpublished = {\url{https://neo4j.com/}},
month = {},
year = {},
}
@misc{maria,
author = {},
title = {MariaDB.org - Ensuring continuity and open collaboration},
howpublished = {\url{https://mariadb.org/}},
month = {},
year = {},
}
@misc{ims,
author = {},
title = {IMS Notes},
howpublished = {\url{http://www.people.vcu.edu/~lparker/IMS.html}},
month = {},
year = {},
}
@BOOK{korth, 
title={Database System Concepts},
author={Abraham Silberschatz and Henry Korth and S. Sudarshan},
publisher={McGraw-Hill Education},
year={2010},
month={1},
edition={6},
isbn={9780073523323},
url={http://amazon.com/o/ASIN/0073523321/},
totalpages={1376},
timestamp={2016.06.27},
}

@article{philips,
  title={Hanging on the meta-phone},
  author={Philips, Lawrence},
  journal={Computer Language},
  volume={7},
  number={12 (December)},
  year={1990}
}
@BOOK{Knuth, 
title={The Art of Computer Programming: Volume 3: Sorting and Searching (2nd Edition)},
author={Donald E. Knuth},
publisher={Addison-Wesley Professional},
year={1998},
month={5},
edition={2},
isbn={9780201896855},
url={http://amazon.com/o/ASIN/0201896850/},
price={$79.99},
totalpages={800},
timestamp={2016.06.27},
}
@article{jwinkler,
  title={String Comparator Metrics and Enhanced Decision Rules in the Fellegi-Sunter Model of Record Linkage.},
  author={Winkler, William E},
  year={1990},
  publisher={ERIC}
}
@inproceedings{levenshtein,
  title={Binary codes capable of correcting deletions, insertions and reversals},
  author={Levenshtein, Vladimir I},
  booktitle={Soviet physics doklady},
  volume={10},
  pages={707},
  year={1966}
}
@article{dunn,
  title={Record linkage},
  author={Dunn, Halbert L},
  journal={American Journal of Public Health and the Nations Health},
  volume={36},
  number={12},
  pages={1412--1416},
  year={1946},
  publisher={American Public Health Association}
}
@ARTICLE{Wiki1,
   title = "Social Network Analysis - Wikipedia. \url{https://en.wikipedia.org/wiki/Social_network_analysis}",
	year = "2015",
   }

@ARTICLE{LilSis,
   title = "LittleSis - Profiling the powers that be. \url{http://littlesis.org/}",
	year = "2015",
   }

@ARTICLE{MyNeta,
   title = "MyNeta - Criminal and Financial Data on politicians. \url{http://myneta.info/}",
	year = "2015",
   }

@ARTICLE{ADR,
   title = "Association of Democratic Reforms - Non-Governmental Organization for electoral and political reforms. \url{http://www.adrindia.org/}",
	year = "2015",
   }

@ARTICLE{PODERO,
   title = "PODEROPEDIA - Collaborative platform that helps understand the relationships among important people, companies and organizations for Chile. \url{http://www.poderopedia.org/}",
	year = "2015",
   }

@ARTICLE{CWIKI,
   title = "CompanyWiki - Find information about Indian companies. \url{http://www.companywiki.in/}",
	year = "2015",
   }

@ARTICLE{MCA,
   title = "Ministry Of Corporate Affairs - Gateway to all services, guidance, and other corporate affairs related information in India. \url{http://www.mca.gov.in/}",
	year = "2015",
   }

@ARTICLE{SINHA,
   title = "Sinha Family Tree. \url{http://bit.ly/1O4BIgZ}",
	year = "2015",
   }

@ARTICLE{FORBES,
   title = " Forbes - 147 companies that control everything. \url{http://bit.ly/1O4BIgZ}",
	year = "2015",
   }


@ARTICLE{Media,
   title = " NewsLaundry - Who owns your media? \url{http://bit.ly/1eY5Bj2}",
	year = "2015",
   }



@book{Mills,
  title={The power elite},
  author={Mills, C Wright},
  year={1999},
  publisher={Oxford University Press}
}

@article{Piketty,
  title={Capital in the 21st Century},
  author={Piketty, Thomas},
  journal={Cambridge: Harvard Uni},
  year={2014}
}

@book{French,
  title={India: A portrait},
  author={French, Patrick},
  year={2011},
  publisher={Vintage}
}

@article{Sastry,
  title={Towards Decriminalization of Elections and Politics},
  author={Sastry, Trilochan},
  journal={Economic and Political Weekly},
  volume={4},
  year={2014}
}

@inproceedings{Neo4j,
  title={Graph Database Applications and Concepts with Neo4j},
  author={Miller, Justin J},
  booktitle={Proceedings of the Southern Association for Information Systems Conference, Atlanta, GA, USA March 23rd-24th},
  year={2013}
}

@article{German,
  title={The politics of the German company network},
  author={H{\"o}pner, Martin and Krempel, Lothar},
  journal={Competition and Change},
  volume={8},
  number={4},
  pages={339--356},
  year={2004},
  publisher={Taylor \& Francis}
}


@article{Builders,
  title={Quid pro quo: Builders, politicians, and election finance in India},
  author={Kapur, Devesh and Vaishnav, Milan},
  journal={Center for Global Development Working Paper},
  number={276},
  year={2011}
}


@phdthesis{Essay,
  title={The Merits of Money and Muscle: Essays on Criminality, Elections and Democracy in India},
  author={Vaishnav, Milan},
  year={2012},
  school={Columbia University}
}






@TECHREPORT{Ernst,
   author = "O. Ernst and G. Golub",
   title = "A domain decomposition approach to solving the {H}elmholtz
		equation with a radiation boundary condition",
   number = "NA-92-08",
   school = "Stanford University, Computer Science Department",
   year = "August 1992"
   }

@TECHREPORT{Fujitsu,
   organization = "Fujitsu",
   title = "FACOM OS IV SSL II USER'S GUIDE, 99SP0050E5",
   year = 1990
   }

@ARTICLE{Gold3,
   author = "C. I. Goldstein",
   title = "Multigrid methods for elliptic problems in unbounded domains",
   journal = "SIAM J. Numer. Anal.",
   volume = 30,
   pages = "159--183",
   year = 1993
   }

@BOOK{Hale,
   author = "J. K. Hale",
   title = "Theory of functional--differential equations",
   publisher = "Springer--Verlag, Berlin--Heidelberg--New York",
   year = 1977
   }

@INBOOK{Swa82,
   author = "P. N. Swarztrauber",
   title = "Vectorizing the {FFTs}",
   editor = "G.~Rodrigue",
   booktitle = "Parallel Computations",
   publisher = "Academic Press, New York",
   year = 1982
   }

@PHDTHESIS{Ta,
   author = "S. Ta'asan",
   title = "Multigrid Methods for Highly Oscillatory Problems",
   school = "Weizmann Institute of Science, Rehovot, Israel",
   year = "1984"
   }
